jure@jure-d09.14555:1545631496