@book{advanced_course,
  author =       {Eberhard Engel and Reiner M. Dreizler},
  title =        {Density Functional Theory},
  year =         2011,
  publisher =    {Springer Berlin Heidelberg},
  url =          {https://doi.org/10.1007/978-3-642-14090-7},
  DATE_ADDED =   {Fri Oct 26 14:54:00 2018},
  doi =          {10.1007/978-3-642-14090-7},
  series =       {Theoretical and Mathematical Physics},
}

@article{cramer09_densit_funct_theor_trans_metal,
  author =       {Christopher J. Cramer and Donald G. Truhlar},
  title =        {Density Functional Theory for Transition Metals and Transition
                  Metal Chemistry},
  journal =      {Physical Chemistry Chemical Physics},
  volume =       11,
  number =       46,
  pages =        10757,
  year =         2009,
  doi =          {10.1039/b907148b},
  url =          {https://doi.org/10.1039/b907148b},
  DATE_ADDED =   {Fri Oct 26 14:57:29 2018},
}

@article{charpentier11_paw_approac_comput_nmr_param,
  author =       {Thibault Charpentier},
  title =        {The Paw/gipaw Approach for Computing Nmr Parameters: a New
                  Dimension Added To Nmr Study of Solids},
  journal =      {Solid State Nuclear Magnetic Resonance},
  volume =       40,
  number =       1,
  pages =        {1-20},
  year =         2011,
  doi =          {10.1016/j.ssnmr.2011.04.006},
  url =          {https://doi.org/10.1016/j.ssnmr.2011.04.006},
  DATE_ADDED =   {Fri Oct 26 14:59:14 2018},
}

@article{grimme10_consis_accur_ab_initio_param,
  author =       {Stefan Grimme and Jens Antony and Stephan Ehrlich and Helge
                  Krieg},
  title =        {A Consistent and Accurate Ab Initio Parametrization of Density
                  Functional Dispersion Correction (DFT-D) for the 94 Elements
                  H-Pu},
  journal =      {The Journal of Chemical Physics},
  volume =       132,
  number =       15,
  pages =        154104,
  year =         2010,
  doi =          {10.1063/1.3382344},
  url =          {https://doi.org/10.1063/1.3382344},
  DATE_ADDED =   {Fri Oct 26 15:00:10 2018},
}

